
@article{mannocci2015,
	title = {Extrapolating cetacean densities beyond surveyed regions: habitat-based predictions in the circumtropical belt},
	author = {Mannocci, Laura and Monestiez, Pascal and Spitz, {Jérôme} and Ridoux, Vincent},
	year = {2015},
	date = {2015},
	journal = {Journal of Biogeography},
	pages = {1267--1280},
	volume = {42},
	number = {7},
	doi = {10.1111/jbi.12530},
	url = {https://onlinelibrary.wiley.com/doi/abs/10.1111/jbi.12530},
	note = {{\_}eprint: https://onlinelibrary.wiley.com/doi/pdf/10.1111/jbi.12530},
	langid = {en}
}

@article{robbins2022,
	title = {Likely year-round presence of beaked whales in the Bay of Biscay},
	author = {Robbins, J. R. and Bell, E. and Potts, J. and Babey, L. and Marley, S. A.},
	year = {2022},
	month = {06},
	date = {2022-06-01},
	journal = {Hydrobiologia},
	pages = {2225--2239},
	volume = {849},
	number = {10},
	doi = {10.1007/s10750-022-04822-y},
	url = {https://doi.org/10.1007/s10750-022-04822-y},
	langid = {en}
}

@article{symonds2011,
	title = {A brief guide to model selection, multimodel inference and model averaging in behavioural ecology using Akaike{\textquoteright}s information criterion},
	author = {Symonds, Matthew R. E. and Moussalli, Adnan},
	year = {2011},
	month = {01},
	date = {2011-01-01},
	journal = {Behavioral Ecology and Sociobiology},
	pages = {13--21},
	volume = {65},
	number = {1},
	doi = {10.1007/s00265-010-1037-6},
	url = {https://doi.org/10.1007/s00265-010-1037-6},
	langid = {en}
}
